@Book{cormen:2022,
  author    = {Cormen, T. H. and Leiserson, C. E. and Rivest, R. L. and Stein, C.},
  title     = {Introduction to Algorithms},
  edition   = {4},
  publisher = {MIT Press},
  year      = {2022},
  address   = {London}
}

@misc{golang,
  author       = {Go},
  title        = {Package testing},
  howpublished = {\url{https://golang.org/pkg/testing/}},
  note         = {Acesso em: 28 set. 2025}
}

@Master{prado:2005,
  author       = {Prado, José Augusto Soares},
  title        = {Análise experimental do Quicksort probabilístico com gerador de números pseudo-aleatórios penta-independente},
  school       = {Universidade Federal do Paraná},
  year         = {2005},
  address      = {Curitiba},
  note         = {Disponível em: \url{https://acervodigital.ufpr.br/xmlui/bitstream/handle/1884/3173/dissertacao_Dez_2005_ultima.pdf?sequence=1&isAllowed=y}, Acesso em: 28 set. 2025}
}